% !TeX encoding = UTF-8
% !Mode:: "BibTeX:UTF-8"

% For correct processing URLs, in the main document must be
% ulr or hyperref packages loaded:
%
% \usepackage{url}
%
% or
%
% \usepackage{hyperref}
% \usepackage{breakurl}
%
% the last package is needed to wrap long hyperlinks
% and the admissibility of underscores in them, etc.
%
% This package must be added if the compilation is not in
% PDFLaTeX, for example, when processing a file in ArXiv
%

@ARTICLE{BKK:IEEETNN96,
 author        = "Bhaya, Amit and Kaszkurewicz, Eugenius and Kozyakin, V. S.",
 title         = "Existence and stability of a unique equilibrium in
                  continuous-valued discrete-time asynchronous {H}opfield
                  neural networks",
 journal       = "IEEE Trans. Neural Netw.",
 fjournal      = "IEEE Transactions on Neural Networks",
 year          = "1996",
 volume        = "7",
 number        = "3",
 pages         = "620--628",
 month         = may,
 issn          = "1045-9227",
 doi           = "10.1109/72.501720",
 url           = "https://ieeexplore.ieee.org/document/501720",
 language      = "english",
}

@ARTICLE{ChadKra:APM2:97,
 author        = "Ch{\k{a}}dzy{\'n}ski, Jacek and Krasi{\'n}ski, Tadeusz",
 title         = "A set on which the {{\L}}ojasiewicz exponent at infinity is
                  attained",
 journal       = "Ann. Polon. Math.",
 fjournal      = "Annales Polonici Mathematici",
 year          = "1997",
 volume        = "67",
 number        = "2",
 pages         = "191--197",
 eprinttype    = "arXiv",
 eprint        = "math/9802064",
 coden         = "APNMA4",
 issn          = "0066-2216",
 mrclass       = "14E05",
 mrnumber      = "1460600 (98j:14013)",
 mrreviewer    = "Zbigniew Jelonek",
 language      = "english",
}

@ARTICLE{BV:TCS02,
 author        = "Berstel, Jean and Vuillon, Laurent",
 title         = "Coding rotations on intervals",
 journal       = "Theoret. Comput. Sci.",
 fjournal      = "Theoretical Computer Science",
 year          = "2002",
 volume        = "281",
 number        = "1--2",
 pages         = "99--107",
 eprinttype    = "arXiv",
 eprint        = "math/0106217",
 issn          = "0304-3975",
 mrclass       = "68R15 (37B10 68P30 94A29)",
 mrnumber      = "1909570",
 zblnumber     = "0997.68094",
 doi           = "10.1016/S0304-3975(02)00009-9",
 url           = "https://www.sciencedirect.com/science/article/pii/S0304397502000099",
 language      = "english",
}

@INPROCEEDINGS{AhmJun:CDC13,
 author        = "Ahmadi, Amir Ali and Jungers, Rapha{\"e}l M.",
 title         = "Switched stability of nonlinear systems via {SOS}-convex
                  {L}yapunov functions and semidefinite programming",
 booktitle     = "Proceedings of the 52nd IEEE Annual Conference on Decision
                  and Control (CDC)",
 year          = "2013",
 pages         = "727--732",
 doi           = "10.1109/CDC.2013.6759968",
 url           = "https://ieeexplore.ieee.org/document/6759968",
 language      = "english",
}

@BOOK{AKPRS:e,
 author        = "Akhmerov, R. R. and Kamenski{\u\i}, M. I. and Potapov, A. S.
                  and Rodkina, A. E. and Sadovski{\u\i}, B. N.",
 title         = "Measures of noncompactness and condensing operators",
 series        = "Operator Theory: Advances and Applications",
 publisher     = "Birkh{\"a}user Verlag",
 address       = "Basel",
 year          = "1992",
 volume        = "55",
 pages         = "viii+249",
 isbn          = "3-7643-2716-2",
 mrclass       = "47H09 (34G20 34K05 47H15 58C30)",
 mrnumber      = "1153247 (92k:47104)",
 zblnumber     = "0748.47045",
 language      = "english",
 note          = "Translated from the 1986 Russian original by A. Iacob",
}

@INPROCEEDINGS{AGGG:LIPIcs17,
 author        = "Akian, Marianne and Gaubert, St{\'e}phane and
                  Grand-Cl{\'e}ment, Julien and Guillaud, J{\'e}r{\'e}mie",
 editor        = "Vollmer, Heribert and Vall{\'e}e, Brigitte",
 title         = "The Operator Approach to Entropy Games",
 booktitle     = "34th Symposium on Theoretical Aspects of Computer Science
                  (STACS 2017)",
 series        = "Leibniz International Proceedings in Informatics (LIPIcs)",
 publisher     = "Schloss Dagstuhl--Leibniz-Zentrum fuer Informatik",
 address       = "Dagstuhl, Germany",
 year          = "2017",
 volume        = "66",
 pages         = "6:1--6:14",
 keywords      = "stochastic games; shapley operators; policy iteration;
                  {P}erron eigenvalues; risk sensitive control",
 isbn          = "978-3-95977-028-6",
 issn          = "1868-8969",
 mrnumber      = "3655333",
 zblnumber     = "1402.91017",
 doi           = "10.4230/LIPIcs.STACS.2017.6",
 url           = "https://drops.dagstuhl.de/opus/volltexte/2017/7026",
 language      = "english",
}

@MISC{AGN11,
 author        = "Akian, Marianne and Gaubert, Stephane and Nussbaum, Roger",
 title         = "A {C}ollatz-{W}ielandt characterization of the spectral
                  radius of order-preserving homogeneous maps on cones",
 howpublished  = "ArXiv.org e-Print archive",
 year          = "2011",
 month         = dec,
 eprinttype    = "arXiv",
 eprint        = "1112.5968",
 doi           = "10.48550/arXiv.1112.5968",
 url           = "https://arxiv.org/abs/1112.5968",
 language      = "english",
}

@INCOLLECTION{Ball:97,
 author        = "Ball, Keith",
 title         = "An elementary introduction to modern convex geometry",
 booktitle     = "Flavors of geometry",
 series        = "Math. Sci. Res. Inst. Publ.",
 publisher     = "Cambridge Univ. Press",
 address       = "Cambridge",
 year          = "1997",
 volume        = "31",
 pages         = "1--58",
 mrclass       = "52-02 (46B07 52A21 52A40)",
 mrnumber      = "1491097 (99f:52002)",
 mrreviewer    = "Peter M. Gruber",
 zblnumber     = "0901.52002",
 language      = "english",
}

@INPROCEEDINGS{CB:IFACWC11,
 author        = "Chang, Chia-Tche and Blondel, Vincent",
 title         = "Approximating the Joint Spectral Radius Using a Genetic
                  Algorithm Framework",
 booktitle     = "Proceedings of the 18th IFAC World Congress",
 organization  = "IFAC",
 year          = "2011",
 volume        = "18, part 1",
 pages         = "8681--8686",
 doi           = "10.3182/20110828-6-IT-1002.01412",
 language      = "english",
}

@MISC{JSRpack,
 author        = "Cicone, Antonio and Protasov, Vladimir",
 title         = "Joint spectral radius computation",
 howpublished  = "{MATLAB}{$^\circledR$} Central",
 year          = "2012",
 url           = "https://www.mathworks.com/matlabcentral/fileexchange/36460-joint-spectral-radius-computation",
 language      = "english",
}

@PHDTHESIS{Clack:13,
 author        = "Clack, Gregory",
 title         = "Double Rotations",
 publisher     = "University of Surrey",
 school        = "University of Surrey (United Kingdom)",
 address       = "Guildford",
 year          = "2013",
 pages         = "124",
 url           = "https://openresearch.surrey.ac.uk/esploro/outputs/doctoral/Double-Rotations/99511546402346",
 language      = "english",
}

@MANUAL{matlab,
 title         = "MATLAB. Reference Guide",
 organization  = "The {MathWorks}, Inc.",
 address       = "Natick",
 year          = "1992",
 language      = "english",
}

@MISC{DOIHandbook,
 title         = "{DOI}{$^{\circledR}$} {H}andbook",
 howpublished  = "{DOI} Foundation",
 doi           = "10.1000/182",
 url           = "https://www.doi.org/doi-handbook/HTML/index.html",
 year          = "2023",
 language      = "english",
 note          = "[Online; Last Updated: April 2023]",
}

@TECHREPORT{KanPep:IMFM10,
 author        = "Kandi{\'c}, Marko and Peperko, Aljo{\v{s}}a",
 title         = "On the submultiplicativity and subadditivity of the cone
                  spectral radius",
 institution   = "IMFM (Institute of Mathematics, Physics and Mechanics)",
 address       = "Ljubljana, Slovenia",
 year          = "2010",
 number        = "1153",
 type          = "Preprint series",
 month         = dec,
 url           = "http://preprinti.imfm.si/PDF/01135.pdf",
 language      = "english",
}

@BOOK{AizGant:r,
 author        = "Айзерман, М. А. and Гантмахер, Ф. Р.",
 title         = "Абсолютная устойчивость регулируемых систем",
 publisher     = "Изд-во АН СССР",
 address       = "М.",
 year          = "1963",
 pagetotal     = "140",
 language      = "russian",
}

@ARTICLE{Anosov:PSIM67:r,
 author        = "Д. В. Аносов",
 title         = "Геодезические потоки на замкнутых римановых многообразиях
                  отрицательной кривизны",
 journal       = "Тр. МИАН СССР",
 year          = "1967",
 volume        = "90",
 pages         = "3--210",
 url           = "http://mi.mathnet.ru/tm2795",
 mrnumber      = "0224110",
 zblnumber     = "0163.43604|0176.19101",
 language      = "russian",
}

@BOOK{ArnVGZ:r,
 author        = "Арнольд, В. И. and Варченко, А. Н. and Гусейн-{З}аде, С.
                  М.",
 title         = "Особенности дифференцируемых отображений",
 publisher     = "МЦНМО",
 address       = "М.",
 year          = "2009",
 pagetotal     = "672",
 edition       = "3-е изд.",
 language      = "russian",
}

@ARTICLE{Bar:SMZh88:r,
 author        = "Н. Е. Барабанов",
 title         = "Об абсолютном характеристическом показателе класса линейных
                  нестационарных систем дифференциальных уравнений",
 journal       = "Сиб. матем. журн.",
 year          = "1988",
 volume        = "29",
 number        = "4",
 pages         = "12--22",
 url           = "http://mi.mathnet.ru/smj7463",
 mrnumber      = "0969099",
 zblnumber     = "0688.93051",
 doi           = "10.1007/BF00969859",
 language      = "russian",
}

@INCOLLECTION{Zach:VSU88:r,
 author        = "Зачепа, В. Р.",
 title         = "О {$v$}-определенности ростка гладкого отображения в особой
                  точке",
 booktitle     = "Глобальный анализ и нелинейные уравнения",
 publisher     = "ВГУ",
 address       = "Воронеж",
 year          = "1988",
 pages         = "119--126",
 language      = "russian",
}

@INCOLLECTION{Klep83:r,
 author        = "Клепцын, А. Ф.",
 title         = "Исследование устойчивости рассинхронизованных
                  двухкомпонентных систем",
 booktitle     = "IX Всесоюз. совещ. по проблемам управления. Тез. докл.",
 publisher     = "Наука",
 address       = "М.",
 year          = "1983",
 pages         = "27--28",
 language      = "russian",
}
